% bmc_article.bib
% 
%  An example of bibtex entries.
%  Entries taken from BMC instructions for authors page.

% uncomment next line to make author-year bibliography
% @settings{label, options="nameyear"}

@article{blank,
	author  = {}, 
	title   = {},
	journal = {}, 
	year  = {},
	  month = {}, 
	  volume= {}, 
	  number= {}, 
	  pages = {},
	  note  = {} 
}	

% Article within a journal
@ARTICLE{koon,
	author  = {Koonin, E V and Altschul, S F and P Bork}, 
	title   = {BRCA1 protein products: functional motifs}, 
	journal = {Nat Genet}, 
	year    = {1996},
	volume  = {13}, 
	pages   = {266-267}
}	

% Article within a journal supplement
@ARTICLE{oreg,
	author  = {Orengo, C A and Bray, J E and Hubbard, 
		   T and LoConte, L and Sillitoe, I}, 
	title   = {Analysis and assessment of ab initio 
		   three-dimensional prediction, secondary 
		   structure, and contacts prediction},
	journal = {Proteins}, 
	year    = {1999},
	volume  = {Suppl 3}, 
	pages   = {149-170}
}	

% In press article
@inpress{khar,
	author  = {Kharitonov, S A and Barnes, P J}, 
	title   = {Clinical aspects of exhaled nitric oxide},
	journal = {Eur Respir J}, 
	note    = {in press} 
}	

%
% Published abstract
%
@ARTICLE{zvai,
	author  = {Zvaifler, N J and Burger, J A and Marinova-Mutafchieva, 
		   L and Taylor, P and Maini, R N},
	title   = {Mesenchymal cells, stromal derived factor-1 and 
		   rheumatoid arthritis [abstract]},
	journal = {Arthritis Rheum}, 
	year    = {1999},
	volume  = {42}, 
	pages   = {s250},
}	


%
% Article within conference proceedings
%
@Inproceedings{xjon,
	author    = {X Jones}, 
	title     = {Zeolites and synthetic mechanisms},
	booktitle = {Proceedings of the First National Conference on 
		     Porous Sieves: 27-30 June 1996; Baltimore},
	year      = {1996},
	  editor  = {Y Smith}, 
	  pages   = {16-27},
	  organization  = {Stoneham: Butterworth-Heinemann}
}	

%%%%%%%%
%  Book chapter, or article within a book
%
@incollection{schn,
	author    = {E Schnepf}, 
	title     = {From prey via endosymbiont to plastids: 
		     comparative studies in dinoflagellates},
	booktitle = {Origins of Plastids}, 
	editor    = {R A Lewin}, 
	publisher = {Chapman and Hall},
	pages     = {53-76}, 
	year      = {1993},
	  address = {New York}, 
	  volume  = {2}, 
	  edition = {2nd} 
}	

%%%%%%%%
% Whole issue of journal
%
@wholejournal{pond,
	editor  = {B Ponder and S Johnston and L Chodosh}, 
	title   = {Innovative oncology},
	journal = {Breast Cancer Res}, 
	year  = {1998},
	  volume= {10}, 
	  pages = {1-72}
}	


%%%%%%%%
% Whole conference proceedings
%
@proceedings{smith,
	editor  = {Y Smith}, 
	title   = {Proceedings of the First National Conference
		   on Porous Sieves: 27-30 June 1996; Baltimore},
	year = 1996,
	  address= {Stoneham}, 
	  publisher = {Butterworth-Heinemann},
}	


%%%%%%%%
% Complete book
%
@book{marg,
	author    = {L Margulis}, 
	title     = {Origin of Eukaryotic Cells},
	publisher = {Yale University Press}, 
	year      = {1970},
	address   = {New Haven} 
}



%%%%%%%%
% Monograph or book in series 
%
@incollection{hunn,
	author    = {G W Hunninghake and J E Gadek}, 
	title     = {The alveloar macrophage},
	booktitle = {Cultured Human Cells and Tissues},
	publisher = {Academic Press}, 
	year      = {1995},
  pages      = {54-56},
	  editor   = {T J R Harris}, 
	  address  = {New York}, 
	  note     = {Stoner G (Series Editor): Methods and Perspectives in Cell Biology, vol 1} 
}


%%%%%%%%
% Book with institutional author
@manual{advi,
	  title   = {Annual Report}, 
	    organization  = {Advisory Committee on Genetic Modification}, 
	    address = {London},
	    year    = {1999}
}


%%%%%%%%
% PHD Thesis
%
@phdthesis{koha,
	author = {R Kohavi}, 
	title  = {Wrappers for performance enhancement and
		  obvious decision graphs},
	school = {Stanford University, Computer Science Department},
	year   = {1995}
}

%%%%%%%%
% Webpage Link / URL
%
@webpage{mouse,
	title  = {The Mouse Tumor Biology Database},
	url = {http://tumor.informatics.jax.org/cancer\_links.html}
}

%%%%%%%%%%%%%%%%%%%%%%%%%%%%%%%%%%%%%%%%%%%%%%%%%%%
%%%%%%%%%%%%%%%%%%%%%%%%%%%%%%%%%%%%%%%%%%%%%%%%%%%
%%%%%%%%%%%%% Actual references below %%%%%%%%%%%%%
%%%%%%%%%%%%%%%%%%%%%%%%%%%%%%%%%%%%%%%%%%%%%%%%%%%
%%%%%%%%%%%%%%%%%%%%%%%%%%%%%%%%%%%%%%%%%%%%%%%%%%%

@article{o2010visualizing,
  title={Visualizing biological dataâ€”now and in the future},
  author={O'Donoghue, Se{\'a}n I and Gavin, Anne-Claude and Gehlenborg, Nils and Goodsell, David S and H{\'e}rich{\'e}, Jean-Karim and Nielsen, Cydney B and North, Chris and Olson, Arthur J and Procter, James B and Shattuck, David W and others},
  journal={Nature methods},
  volume={7},
  number={3},
  pages={S2},
  year={2010}
}

@article{pavlopoulos2015visualizing,
  title={Visualizing genome and systems biology: technologies, tools, implementation techniques and trends, past, present and future},
  author={Pavlopoulos, Georgios A and Malliarakis, Dimitris and Papanikolaou, Nikolas and Theodosiou, Theodosis and Enright, Anton J and Iliopoulos, Ioannis},
  journal={Gigascience},
  volume={4},
  number={1},
  pages={38},
  year={2015},
  publisher={BioMed Central}
}

@article{seo2002interactively,
  title={Interactively exploring hierarchical clustering results [gene identification]},
  author={Seo, Jinwook and Shneiderman, Ben},
  journal={Computer},
  volume={35},
  number={7},
  pages={80--86},
  year={2002},
  publisher={IEEE}
}

@article{ahlberg1996spotfire,
  title={Spotfire: an information exploration environment},
  author={Ahlberg, Christopher},
  journal={ACM SIGMOD Record},
  volume={25},
  number={4},
  pages={25--29},
  year={1996},
  publisher={ACM}
}

@article{chu2001genespringtm,
  title={GeneSpringTM: tools for analyzing microarray expression data},
  author={Chu, Lillian and Scharf, Eric and Kondo, Takashi},
  journal={Genome Informatics},
  volume={12},
  pages={227--229},
  year={2001},
  publisher={Japanese Society for Bioinformatics}
}

@article{gentleman2004bioconductor,
  title={Bioconductor: open software development for computational biology and bioinformatics},
  author={Gentleman, Robert C and Carey, Vincent J and Bates, Douglas M and Bolstad, Ben and Dettling, Marcel and Dudoit, Sandrine and Ellis, Byron and Gautier, Laurent and Ge, Yongchao and Gentry, Jeff and others},
  journal={Genome biology},
  volume={5},
  number={10},
  pages={R80},
  year={2004},
  publisher={BioMed Central}
}

@article{rue2018isee,
  title={iSEE: Interactive SummarizedExperiment Explorer},
  author={Rue-Albrecht, Kevin and Marini, Federico and Soneson, Charlotte and Lun, Aaron TL},
  journal={F1000Research},
  volume={7},
  year={2018},
  publisher={Faculty of 1000 Ltd}
}

@article{schultheis2018wilson,
  title={WIlsON: Web-based Interactive Omics VisualizatioN},
  author={Schultheis, Hendrik and Kuenne, Carsten and Preussner, Jens and Wiegandt, Rene and Fust, Annika and Bentsen, Mette and Looso, Mario},
  journal={Bioinformatics},
  volume={35},
  number={6},
  pages={1055--1057},
  year={2018},
  publisher={Oxford University Press}
}

@article{hughes2017expressiondb,
  title={ExpressionDB: An open source platform for distributing genome-scale datasets},
  author={Hughes, Laura D and Lewis, Scott A and Hughes, Michael E},
  journal={PloS one},
  volume={12},
  number={11},
  pages={e0187457},
  year={2017},
  publisher={Public Library of Science}
}

@article{harshbarger2017deiva,
  title={DEIVA: a web application for interactive visual analysis of differential gene expression profiles},
  author={Harshbarger, Jayson and Kratz, Anton and Carninci, Piero},
  journal={BMC genomics},
  volume={18},
  number={1},
  pages={47},
  year={2017},
  publisher={BioMed Central}
}

@article{carr1987scatterplot,
  title={Scatterplot matrix techniques for large N},
  author={Carr, Daniel B and Littlefield, Richard J and Nicholson, WL and Littlefield, JS},
  journal={Journal of the American Statistical Association},
  volume={82},
  number={398},
  pages={424--436},
  year={1987},
  publisher={Taylor \& Francis Group}
}

@article{yin2012ggbio,
  title={ggbio: an R package for extending the grammar of graphics for genomic data},
  author={Yin, Tengfei and Cook, Dianne and Lawrence, Michael},
  journal={Genome biology},
  volume={13},
  number={8},
  pages={R77},
  year={2012},
  publisher={BioMed Central}
}

@article{andrienko2005blending,
  title={Blending aggregation and selection: Adapting parallel coordinates for the visualization of large datasets},
  author={Andrienko, Gennady and Andrienko, Natalia},
  journal={The Cartographic Journal},
  volume={42},
  number={1},
  pages={49--60},
  year={2005},
  publisher={Taylor \& Francis}
}

@webpage{shiny,
  title={shiny: Web application framework for R [Computer software]},
  author={Chang, W and Cheng, J and Allaire, JJ and Xie, Y and McPherson, J},
  url = {https://cran.r-project.org/package=shiny},
  urldate = {2018-12-20}
}

@webpage{plotly,
  title={plotly: Create Interactive Web Graphics via 'plotly.js'},
  author={Sievert, Carson and Parmer, Chris and Hocking, Toby and Chamberlain, Scott and Ram, Karthik and Corvellec, Marianne and Despouy, Pedro},
  url={https://cran.r-project.org/package=plotly},
  urldate = {2018-12-20}
}

@webpage{htmlwidgets,
  title={htmlwidgets: HTML Widgets for R, 2016},
  author={Vaidyanathan, Ramnath and Xie, Yihui and Allaire, JJ and Cheng, Joe and Russell, Kenton},
  url={https://cran.r-project.org/package=htmlwidgets},
  urldate = {2018-12-20}
}

@inproceedings{nguyen2016deep,
  title={Deep exploration of multidimensional data with linkable scatterplots},
  author={Nguyen, Quang Vinh and Simoff, Simeon and Qian, Yu and Huang, Mao Lin},
  booktitle={Proceedings of the 9th International Symposium on Visual Information Communication and Interaction},
  pages={43--50},
  year={2016},
  organization={ACM}
}

@inproceedings{albuquerque2009quality,
  title={Quality-based visualization matrices.},
  author={Albuquerque, Georgia and Eisemann, Martin and Lehmann, Dirk J and Theisel, Holger and Magnor, Marcus A},
  booktitle={VMV},
  pages={341--350},
  year={2009}
}

@article{heinrich2012parallel,
  title={The parallel coordinates matrix},
  author={Heinrich, Julian and Stasko, John and Weiskopf, Daniel},
  journal={EuroVis--Short Papers},
  pages={37--41},
  year={2012}
}

@article{swayne2003ggobi,
  title={GGobi: evolving from XGobi into an extensible framework for interactive data visualization},
  author={Swayne, Deborah F and Lang, Duncan Temple and Buja, Andreas and Cook, Dianne},
  journal={Computational Statistics \& Data Analysis},
  volume={43},
  number={4},
  pages={423--444},
  year={2003},
  publisher={Elsevier}
}

@article{rutter1,
  title={Visualization methods for differential expression analysis},
  author={Rutter, Lindsay and Moran Lauter, Adrienne N and Graham, Michelle A and Cook, Dianne},
  journal={Accepted to BMC Bioinformatics on June 24, 2019},
}

@article{rutter2,
  title={Transcriptomic responses to diet quality and viral infection in Apis mellifera},
  author={Rutter, Lindsay and Carrillo-Tripp, Jimena and Bonning, Bryony C and Cook, Dianne and Toth, Amy L and Dolezal, Adam G},
  journal={BMC genomics},
  volume={20},
  number={1},
  pages={412},
  year={2019},
  publisher={BioMed Central}
}

@webpage{pkgdown,
  title={pkgdown: Make static HTML documentation for a package},
  author={Wickham, H and Hesselberth, J},
  url={https://cran.r-project.org/package=pkgdown},
  urldate={2018-12-20}
}

@webpage{rstudio,
  title={RStudio: integrated development for R},
  url={http://www.rstudio.com},
  urldate={2018-12-20}
}

@inproceedings{chen2018using,
  title={Using animation to alleviate overdraw in multiclass scatterplot matrices},
  author={Chen, Helen and Engle, Sophie and Joshi, Alark and Ragan, Eric D and Yuksel, Beste F and Harrison, Lane},
  booktitle={Proceedings of the 2018 CHI Conference on Human Factors in Computing Systems},
  pages={417},
  year={2018},
  organization={ACM}
}

@article{becker1984brushing,
  title={Brushing a scatterplot matrix: High-interaction graphical methods for analyzing multidimensional data},
  author={Becker, Richard A and Cleveland, William S},
  journal={submitted for publication},
  year={1984}
}

@techreport{carr1984graphical,
  title={Graphical interaction tools for multiple 2-and 3-dimensional scatterplots},
  author={Carr, DB and Nicholson, WL},
  year={1984},
  institution={Pacific Northwest Lab., Richland, WA (USA)}
}

@misc{tukey1981graphical,
  title={Graphical display of data sets in three or more dimensions. Three papers in Interpreting Multivariate Data (ed. V. Barnett), 189--275},
  author={Tukey, PA and Tukey, JW},
  year={1981},
  publisher={Chichester: Wiley}
}

@article{asimov1985grand,
  title={The grand tour: a tool for viewing multidimensional data},
  author={Asimov, Daniel},
  journal={SIAM journal on scientific and statistical computing},
  volume={6},
  number={1},
  pages={128--143},
  year={1985},
  publisher={SIAM}
}

@article{friedman1974projection,
  title={A projection pursuit algorithm for exploratory data analysis},
  author={Friedman, Jerome H and Tukey, John W},
  journal={IEEE Transactions on computers},
  volume={100},
  number={9},
  pages={881--890},
  year={1974},
  publisher={IEEE}
}

@article{cook1995grand,
  title={Grand tour and projection pursuit},
  author={Cook, Dianne and Buja, Andreas and Cabrera, Javier and Hurley, Catherine},
  journal={Journal of Computational and Graphical Statistics},
  volume={4},
  number={3},
  pages={155--172},
  year={1995},
  publisher={Taylor \& Francis Group}
}

@inproceedings{wilkinson2005graph,
  title={Graph-theoretic scagnostics},
  author={Wilkinson, Leland and Anand, Anushka and Grossman, Robert},
  booktitle={IEEE Symposium on Information Visualization, 2005. INFOVIS 2005.},
  pages={157--164},
  year={2005},
  organization={IEEE}
}

@article{li2011application,
  title={Application of volcano plots in analyses of mRNA differential expressions with microarrays},
  author={Li, Wentian},
  journal={arXiv preprint arXiv:1103.3434},
  year={2011}
}

@inproceedings{hochheiser2003dynamic,
  title={Dynamic querying for pattern identification in microarray and genomic data},
  author={Hochheiser, Harry and Baehrecke, Eric H and Mount, Stephen M and Shneiderman, Ben},
  booktitle={2003 International Conference on Multimedia and Expo. ICME'03. Proceedings (Cat. No. 03TH8698)},
  volume={3},
  pages={III--453},
  year={2003},
  organization={IEEE}
}

@article{deseq2,
  title={Moderated estimation of fold change and dispersion for RNA-seq data with DESeq2},
  author={Love, Michael I and Huber, Wolfgang and Anders, Simon},
  journal={Genome biology},
  volume={15},
  number={12},
  pages={550},
  year={2014},
  publisher={BioMed Central}
}

@article{edger,
  title={edgeR: a Bioconductor package for differential expression analysis of digital gene expression data},
  author={Robinson, Mark D and McCarthy, Davis J and Smyth, Gordon K},
  journal={Bioinformatics},
  volume={26},
  number={1},
  pages={139--140},
  year={2010},
  publisher={Oxford University Press}
}

@article{limma,
  title={limma powers differential expression analyses for RNA-sequencing and microarray studies},
  author={Ritchie, Matthew E and Phipson, Belinda and Wu, Di and Hu, Yifang and Law, Charity W and Shi, Wei and Smyth, Gordon K},
  journal={Nucleic acids research},
  volume={43},
  number={7},
  pages={e47--e47},
  year={2015},
  publisher={Oxford University Press}
}

@article{ebseq,
  title={EBSeq: an empirical Bayes hierarchical model for inference in RNA-seq experiments},
  author={Leng, Ning and Dawson, John A and Thomson, James A and Ruotti, Victor and Rissman, Anna I and Smits, Bart MG and Haag, Jill D and Gould, Michael N and Stewart, Ron M and Kendziorski, Christina},
  journal={Bioinformatics},
  volume={29},
  number={8},
  pages={1035--1043},
  year={2013},
  publisher={Oxford University Press}
}

@article{bayseq,
  title={baySeq: empirical Bayesian methods for identifying differential expression in sequence count data},
  author={Hardcastle, Thomas J and Kelly, Krystyna A},
  journal={BMC bioinformatics},
  volume={11},
  number={1},
  pages={422},
  year={2010},
  publisher={BioMed Central}
}

@article{xie2014reactive,
  title={Reactive programming for interactive graphics},
  author={Xie, Yihui and Hofmann, Heike and Cheng, Xiaoyue},
  journal={Statistical Science},
  pages={201--213},
  year={2014},
  publisher={JSTOR}
}

@article{Marioni,
  title={RNA-seq: an assessment of technical reproducibility and comparison with gene expression arrays},
  author={Marioni, John C and Mason, Christopher E and Mane, Shrikant M and Stephens, Matthew and Gilad, Yoav},
  journal={Genome research},
  year={2008},
  publisher={Cold Spring Harbor Lab}
}

@webpage{Lauter16,
    author = {Moran Lauter, Adrienne N and Graham, Michelle A},
	title = {NCBI SRA bioproject accession: PRJNA318409},
	url = {https://www.ncbi.nlm.nih.gov/bioproject/PRJNA318409},
	urldate = {2018-12-20},
}

@article{Risso,
  title={GC-content normalization for RNA-Seq data},
  author={Risso, Davide and Schwartz, Katja and Sherlock, Gavin and Dudoit, Sandrine},
  journal={BMC bioinformatics},
  volume={12},
  number={1},
  pages={480},
  year={2011},
  publisher={BioMed Central}
}

@article{Brown,
  title={Developmental profiling of gene expression in soybean trifoliate leaves and cotyledons},
  author={Brown, Anne V and Hudson, Karen A},
  journal={BMC plant biology},
  volume={15},
  number={1},
  pages={169},
  year={2015},
  publisher={BioMed Central}
}


@book{tufte2001visual,
    author={Tufte, Edward R},
    title={The visual display of quantitative information},
    publisher={Graphics press},
    year={2001},
    address={Cheshire, CT}
}

@book{kerren2007human,
    author={Kerren, Andreas and Ebert, Achim and Meyer, J{\"o}rg},
    title={Human-Centered Visualization Environments: GI-Dagstuhl Research Seminar, Dagstuhl Castle, Germany, March 5-8, 2006, Revised Papers},
  year={2007},
  publisher={Springer},
  address={Dagstuhl Castle, Germany}
}

@book{unwin2007computational,
  author={Unwin, Antony and Chen, Chun-houh and H{\"a}rdle, Wolfgang},
  title={Computational Statistics and Data Visualization},
  publisher={Humboldt-Universit{\"a}t zu Berlin, Wirtschaftswissenschaftliche Fakult{\"a}t},
    year={2007},
     address={Berlin}
}

@book{cook2007interactive,
  author={Cook, Dianne and Swayne, Deborah F and Buja, Andreas},
  title={Interactive and dynamic graphics for data analysis: with R and GGobi},
  publisher={Springer Science \& Business Media},
  year={2007},
  address={New York}
}

@book{ggplot2,
  author={Wickham, Hadley},
    title={ggplot2: elegant graphics for data analysis},
  publisher={Springer},
    year={2016},
    address={Switzerland}
}
